<?xml version="1.0" encoding="UTF-8"?><record xmlns="http://www.loc.gov/MARC21/slim" xmlns:cinclude="http://apache.org/cocoon/include/1.0" xmlns:zs="http://www.loc.gov/zing/srw/">
  <leader>00510cz  a2200169n  4500</leader>
  <controlfield tag="001">no2004007683</controlfield>
  <controlfield tag="003">DLC</controlfield>
  <controlfield tag="005">20131018141200.0</controlfield>
  <controlfield tag="008">040128n| azannaabn          |a aaa     c</controlfield>
  <datafield tag="010" ind1=" " ind2=" ">
    <subfield code="a">no2004007683</subfield>
  </datafield>
  <datafield tag="035" ind1=" " ind2=" ">
    <subfield code="a">(OCoLC)oca06257111</subfield>
  </datafield>
  <datafield tag="040" ind1=" " ind2=" ">
    <subfield code="a">NNC</subfield>
    <subfield code="b">eng</subfield>
    <subfield code="e">rda</subfield>
    <subfield code="c">NNC</subfield>
    <subfield code="d">DLC</subfield>
  </datafield>
  <datafield tag="046" ind1=" " ind2=" ">
    <subfield code="k">2003</subfield>
  </datafield>
  <datafield tag="100" ind1="1" ind2=" ">
    <subfield code="a">Võ, Nguyên Giáp,</subfield>
    <subfield code="d">1911-2013.</subfield>
    <subfield code="t">Chiến đấu trong vòng vây.</subfield>
    <subfield code="l">French</subfield>
  </datafield>
  <datafield tag="377" ind1=" " ind2=" ">
    <subfield code="a">fre</subfield>
  </datafield>
  <datafield tag="400" ind1="1" ind2=" ">
    <subfield code="a">Võ, Nguyên Giáp,</subfield>
    <subfield code="d">1911-2013.</subfield>
    <subfield code="t">Mémoires 1946-1954</subfield>
  </datafield>
  <datafield tag="670" ind1=" " ind2=" ">
    <subfield code="a">Mémoires 1946-1954, 2003.</subfield>
  </datafield>
</record>